<?xml version="1.0" encoding="UTF-8"?><collection xmlns="http://www.loc.gov/MARC21/slim"><record><leader>00541nam--2200181-i-4500</leader><controlfield tag="001">000044526</controlfield><controlfield tag="002">20161230</controlfield><controlfield tag="005">20161230201044</controlfield><controlfield tag="008">060222s1000------------r-----000-0-eng-d</controlfield><datafield ind1=" " ind2=" " tag="041"><subfield code="a">IFIN-HH</subfield></datafield><datafield ind1=" " ind2=" " tag="080"><subfield code="a">536.2/.3:061.3</subfield></datafield><datafield ind1="1" ind2=" " tag="100"><subfield code="a">Ho, C.Y</subfield></datafield><datafield ind1="1" ind2="0" tag="245"><subfield code="a">Thermal conductivity</subfield><subfield code="b">Proceedings of the eighth conference held at purdue university, west lafayette, indiana, october 7-10, 1968</subfield></datafield><datafield ind1=" " ind2=" " tag="260"><subfield code="a">New York</subfield><subfield code="b">Plenum-press</subfield><subfield code="c">1969</subfield></datafield><datafield ind1=" " ind2=" " tag="300"><subfield code="a">XX+1169P</subfield></datafield><datafield ind1="1" ind2=" " tag="700"><subfield code="a">Taylor, R.E</subfield><subfield code="e">Ed</subfield></datafield><datafield ind1=" " ind2=" " tag="852"><subfield code="a">76751</subfield><subfield code="c">536</subfield></datafield><datafield ind1=" " ind2=" " tag="CAT"><subfield code="a">Sys</subfield><subfield code="c">20110511</subfield><subfield code="h">151841</subfield></datafield></record></collection>